@report{wave1,
   title={Exploiting wavefront parallelism on large-scale shared-memory multiprocessors},
   author={Manjikian, N. Abdelrahman, T.S.},
   journal={Parallel and Distributed Systems,IEEE Transactions on},
   volume={12},
   date={March 2001},
   pages={259-271},
   }






%%%%%%%%%%%%%%%%%%%%%%%%%%%%%%%%%%%%%%%%%%%%%%%%%%%%%%%%
%%%%%%%%%%%%%%%%%%%%%%%%%%%%%%%%%%%%%%%%%%%%%%%%%%%%%%%%
%%%%Below is Ray's stuff

@misc{optimal9,
   AUTHOR=" D. GREENSPAN ",
   TITLE="ON 'BEST' NEVE-POINT LAPLACE DIFFERENCE ANALOGUES ON RECTANGULAR GRIDS",
   YEAR="14 November 1957"
}

@misc{fastiterativesolvers,
   AUTHOR=" Howard C. Elman, David J. Silvester, Andrew J. Wathen ",
   TITLE="Finite Elements and Fast Iterative Solvers: with Applications in Incompressible Fluid Dynamics (Numerical Mathematics and Scientific Computation)",
   YEAR="OUP Oxford (19 May 2005)"
}

@misc{smith,
   AUTHOR="G.D. Smith",
   TITLE="Numerical Solution of Partial Differential Equations, p. 143.",
   YEAR="1965"
}

@misc{lilapack,
   AUTHOR="Susan Blackford",
   TITLE="http://www.netlib.org/lapack/lug/node124.html",
   YEAR="1969"
}

@misc{introtonumericalanal,
   AUTHOR="Francis B. Hildebrand",
   TITLE="Introduction to numerical analysis",
   YEAR="1956"
}

@misc{xiaofangwang,
   AUTHOR="Xiaofang Wang ,  Sotirios G. Ziavras",
   TITLE="Parallel Direct Solution of Linear Equations on FPGA-Based Machines",
   YEAR="2009"
}

@misc{demmel,
   AUTHOR="Demmel, James W.",
   TITLE="Applied Numerical Linear Algebra",
   YEAR="the Society for Industrial and Applied Mathematics, 1997"
}

@misc{highamsparse,
   AUTHOR="Nick Higham",
   TITLE="Iterative solvers notes",
   HOWPUBLISHED="\url{http://www.maths.manchester.ac.uk/~higham/teaching/MATHx6101/pdf/iter.pdf}",
   YEAR="2009"
}

@misc{dpotf2,
   AUTHOR="",
   TITLE="dpotf2.f",
   HOWPUBLISHED="\url{http://www.netlib.org/lapack/explore-html/dpotf2.f.html}",
   YEAR=""
}

@misc{lapackauxroutines,
   AUTHOR="Susan Blackford",
   TITLE="LAPACK Index of Auxiliary Routines.",
   HOWPUBLISHED="\url{http://www.netlib.org/lapack/lug/node144.html}",
   YEAR="01 October 1999"
}

@misc{lapackdouble,
   AUTHOR="E. Anderson and many more",
   TITLE="LAPACK double.",
   HOWPUBLISHED="\url{http://www.netlib.org/lapack/double/}",
   YEAR="Updated 22 Aug 1999"
}

@misc{atlasfaq,
   AUTHOR="math-atlas.sourceforge.net",
   TITLE="ATLAS FAQ.",
   HOWPUBLISHED="\url{http://math-atlas.sourceforge.net/faq.html#what}",
   YEAR=""
}

@misc{levelsoflapackroutines,
   AUTHOR="Susan Blackford",
   TITLE="Levels of Routines, LAPACK Users Guide.",
   HOWPUBLISHED="\url{http://www.netlib.org/lapack/lug/node22.html}",
   YEAR="01 October 1999"
}

@misc{blas,
   AUTHOR="",
   TITLE="BLAS Frequently Asked Questions.",
   HOWPUBLISHED="\url{http://www.netlib.org/blas/faq.html}",
   YEAR="Last updated 7/25/2005"
}

@misc{lapackuserguide,
   AUTHOR="E. Anderson and many more",
   TITLE="LAPACK Users' Guide Third Edition",
   HOWPUBLISHED="\url{http://www.netlib.org/lapack/lug/index.html}",
   YEAR="2009"
}

@misc{tismenetsky,
   AUTHOR="Tismenetsky, M.(1987)",
   TITLE="A direct method for solving linear systems",
   HOWPUBLISHED="\url{http://dx.doi.org/10.1080/00207168708803600}",
   YEAR="2009"
}

@misc{directmethods,
   AUTHOR="Esmond G. Ng",
   TITLE="Direct Methods for Solving Sparse Linear Systems of Equations",
   HOWPUBLISHED="\url{http://www.nersc.gov/\~simon/cs267/Direct\_Methods.pdf}",
   YEAR="2009"
}

@misc{milan,
   AUTHOR="Dr Milan D. Mihajlovic",
   TITLE="CS609: Algorithms for differential equations, Lecture 7",
   HOWPUBLISHED="\url{http://www.cs.man.ac.uk/~milan/}"
}

@misc{len,
   AUTHOR="Dr Len Freeman",
   TITLE="COMP60071: Introduction to Computational Science",
   HOWPUBLISHED="\url{http://intranet.cs.man.ac.uk/cnc/staff/lfreeman/}"
}

@misc{cfl,
   AUTHOR="R. Courant, K. Friedrichs and H. Lewy.",
   TITLE="On the partial difference equations of mathematical physics",
   HOWPUBLISHED="\url{http://www.stanford.edu/class/cme324/classics/courant-friedrichs-lewy.pdf}",
   YEAR="IBM Journal, March 1967"
}

@misc{neumann,
   AUTHOR="Courant, R., Isaacson, E., and Rees, M.",
   TITLE="On the Solution of Non-Linear Hyperbolic Differential Equations",
   YEAR="Comm. Pure Appl. Math, 5, 243,1952"
}

@misc{neumann,
   AUTHOR="Alexander H.-D. Cheng and Daisy T. Cheng",
   TITLE="Heritage and early history of the boundary element method ",
   YEAR="Engineering Analysis with Boundary Elements Volume 29, Issue 3, March 2005, Pages 268-302"
}

@misc{mitchell,
   AUTHOR="A.R. Mitchell and D.F. Griffiths",
   TITLE="The Finite Difference Method in Partial Differential Equations",
   YEAR="John Wiley \& Sons Inc, 1980"
}

@misc{mathsfin,
   AUTHOR="John C. Hull",
   TITLE="Options, Futures, and Other Derivatives",
   YEAR="Prentice Hall; 7 edition, 2008"
}

@misc{numericalrecipes,
   AUTHOR="William H. Press, Saul A. Teukolsky,  William T. Vetterling , Brian P. Flannery",
   TITLE="Numerical Recipes 3rd Edition: The Art of Scientific Computing ",
   YEAR="Cambridge University Press; 3 edition (30 Aug 2007)"
}

@misc{mathsbio,
   AUTHOR="D.S. Jones and B.D. Sleeman",
   TITLE="Differential Equations and Mathematical Biology",
   YEAR="2003"
}

@misc{catherine,
   AUTHOR="Dr. Catherine Powell",
   TITLE="Partial Differential Equations and Vector Calculus",
   HOWPUBLISHED="\url{http://www.maths.manchester.ac.uk/undergraduate/ugstudies/units/2008-09/level2/MATH20411/}",
   YEAR="2008"
}

@misc{henrici,
   AUTHOR="P. Henrici",
   TITLE="Discrete Variable Methods in Ordinary Differential Equations",
   YEAR="Wiley, 2006"
}

@misc{fdmmodules,
   AUTHOR="Patrick F. Mensah Sr. PhD",
   TITLE="BASICS OF NUMERICS OF CFD: DISCRETIZATION METHODS ",
   HOWPUBLISHED="\url{http://www.engr.subr.edu/me/facultyPages/mensah/MEEN%20578%20Lecture4.ppt}",
   YEAR="2006"
}

@misc{numeroanal,
   AUTHOR="Francis B. Hildebrand",
   TITLE="Introduction to Numerical Analysis",
   YEAR="1956"
}

@misc{lambert,
   AUTHOR="J. D. Lambert",
   TITLE="Numerical Methods for Ordinary Differential Systems: The Initial Value Problem",
   YEAR="1991"
}

@misc{pdeexist,
   AUTHOR="Lawrence C. Evans",
   TITLE="Partial Differential Equations",
   YEAR="1998"
}

@misc{elementaryappliedPDE,
   AUTHOR="Richard Haberman",
   TITLE="Elementary Applied Partial Differential Equations with Fourier series and Boundary Value Problems",
   YEAR="1983"
}

@misc{AMR,
   AUTHOR="Uri M. Ascher, Robert M. M. Mattheij, Robert D. Russell",
   TITLE="Numerical Solution of Boundary Value Problems for Ordinary Differential Equations",
   YEAR="1989"
}

@misc{duffy,
   AUTHOR="Daniel J. Duffy",
   TITLE="Finite Difference Methods in Financial Engineering: A Partial Differential Equation Approach",
   YEAR="March 2006"
}

@misc{duffysite,
   AUTHOR="Datasim Financial Forums ",
   TITLE="Resources for Computational Finance",
   HOWPUBLISHED="\url{http://www.datasimfinancial.com/forum/index.php}",
   YEAR="2009",
}

@misc{KTH,
   AUTHOR="KTH Research Project Database ",
   TITLE="Higher-order finite difference methods for DNS/LES in complex geometries",
   HOWPUBLISHED="\url{http://researchprojects.kth.se/index.php/kb_7905/io_8790/io.html}",
   YEAR="1999",
}

@misc{1DH,
   AUTHOR="A. J. Briggs, J. R. Claisse and C. M. Elliott",
   TITLE="Finite-difference approximation of a one-dimensional HamiltonJacobi/elliptic system arising in superconductivity",
   HOWPUBLISHED="\url{http://imajna.oxfordjournals.org/cgi/content/abstract/22/1/89}",
   YEAR="2001",
}

